@PREAMBLE{
 "\providecommand{\noopsort}[1]{}" 
 # "\providecommand{\singleletter}[1]{#1}%" 
}

Include references to material that was relevant for the write-up.
While normally this would include original peer-reviewed articles, for this lab report it is more likely to be a reference to the text book



@misc{LabInstructions,
    title = {ENGR 120 Fluid Mechanics: Lab 5},
    howpublished = {Shared via CatCourses},
    year = {2024}
}

@inbook{White_Xue_2021, place={New York, NY}, edition={Ninth edition}, title={3.7 The Energy Equation}, booktitle={Fluid Mechanics}, publisher={McGraw-Hill Education}, author={White, Frank M. and Xue, Henry}, year={2021}, pages={186–195}} 

@inbook{White_2021, place={New York, NY}, edition={Ninth edition}, title={6.12 Fluid Meters}, booktitle={Fluid Mechanics}, publisher={McGraw-Hill Education}, author={White, Frank M.}, year={2021}, pages={410–431}} 